<record><leader>00000cas a2200000 a 4500</leader><controlfield tag="001">29215972</controlfield><controlfield tag="008">931029c19899999ilumr n       0   a0eng c</controlfield><datafield ind1=" " ind2=" " tag="010"><subfield code="a">sn2003061913</subfield></datafield><datafield ind1=" " ind2=" " tag="040"><subfield code="a">IDM</subfield><subfield code="b">eng</subfield><subfield code="c">IDM</subfield><subfield code="d">NVF</subfield><subfield code="d">OCLCQ</subfield><subfield code="d">NVF</subfield><subfield code="d">DLC</subfield><subfield code="d">OCLCF</subfield><subfield code="d">OCLCO</subfield></datafield><datafield ind1="1" ind2=" " tag="029"><subfield code="a">AU@</subfield><subfield code="b">000024785084</subfield></datafield><datafield ind1=" " ind2=" " tag="042"><subfield code="a">pcc</subfield></datafield><datafield ind1=" " ind2=" " tag="043"><subfield code="a">n-us-il</subfield></datafield><datafield ind1="0" ind2="0" tag="245"><subfield code="a">Community word.</subfield></datafield><datafield ind1=" " ind2=" " tag="260"><subfield code="a">Peoria, Ill. :</subfield><subfield code="b">Word Pub.,</subfield><subfield code="c">1989-</subfield></datafield><datafield ind1="2" ind2=" " tag="260"><subfield code="3">&lt;July 1989&gt;-Aug. 2000</subfield><subfield code="a">Peoria, Ill. :</subfield><subfield code="b">Balance Pub.</subfield></datafield><datafield ind1="3" ind2=" " tag="260"><subfield code="3">Sept 2000-</subfield><subfield code="a">Peoria, Ill. :</subfield><subfield code="b">Debbie Adlof</subfield></datafield><datafield ind1=" " ind2=" " tag="300"><subfield code="a">v.</subfield></datafield><datafield ind1=" " ind2=" " tag="310"><subfield code="a">Monthly</subfield></datafield><datafield ind1="0" ind2=" " tag="362"><subfield code="a">Vol. 12, no. 9 (Sept. 1989)-</subfield></datafield><datafield ind1=" " ind2=" " tag="515"><subfield code="a">Continues the numbering of West Bluff.</subfield></datafield><datafield ind1=" " ind2=" " tag="515"><subfield code="a">Volume and numbering designation on masthead is dropped with Oct. 1990 issue.</subfield></datafield><datafield ind1=" " ind2=" " tag="515"><subfield code="a">Issue for v. 12, no. 12 (Dec. 1989) erroneously designated as v. 12, no. 11 (Dec. 1989).</subfield></datafield><datafield ind1=" " ind2=" " tag="515"><subfield code="a">Issue for Mar. 1993 erroneously designated as Feb. 1993 on masthead.</subfield></datafield><datafield ind1=" " ind2=" " tag="588"><subfield code="a">Latest issue consulted: May, 2003.</subfield></datafield><datafield ind1=" " ind2="0" tag="651"><subfield code="a">Peoria (Ill.)</subfield><subfield code="v">Newspapers.</subfield></datafield><datafield ind1=" " ind2="7" tag="655"><subfield code="a">Newspapers.</subfield><subfield code="2">fast</subfield><subfield code="0">(OCoLC)fst01423814</subfield></datafield><datafield ind1=" " ind2="7" tag="651"><subfield code="a">Illinois</subfield><subfield code="z">Peoria.</subfield><subfield code="2">fast</subfield><subfield code="0">(OCoLC)fst01206107</subfield></datafield><datafield ind1=" " ind2=" " tag="752"><subfield code="a">United States</subfield><subfield code="b">Illinois</subfield><subfield code="c">Peoria</subfield><subfield code="d">Peoria.</subfield></datafield><datafield ind1="0" ind2="0" tag="780"><subfield code="t">West Bluff</subfield><subfield code="w">(DLC)sn2003061912</subfield><subfield code="w">(OCoLC)29215950</subfield></datafield></record>